
@article{abcd,
	title = {},
	doi = {},
	abstract = {},
	pages = {},
}